@article{gozlan2010transport,
  title={Transport inequalities. A survey},
  author={Gozlan, Nathael and L{\'e}onard, Christian},
  journal={arXiv preprint arXiv:1003.3852},
  year={2010}
}

@misc{wassermanStatisicalMethods2018,
  title={Statistical Methods for Machine Learning - Lecture Notes},
  author={Larry Wasserman},
  year={2018}
}
@techreport{van2014probability,
  title={Probability in high dimension},
  author={van Handel, Ramon},
  year={2014},
  institution={PRINCETON UNIV NJ}
}
@article{panaretos2019statistical,
  title={Statistical aspects of Wasserstein distances},
  author={Panaretos, Victor M and Zemel, Yoav},
  journal={Annual review of statistics and its application},
  volume={6},
  pages={405--431},
  year={2019},
  publisher={Annual Reviews}
}
@article{marton1986simple,
  title={A simple proof of the blowing-up lemma (corresp.)},
  author={Marton, Katalin},
  journal={IEEE Transactions on Information Theory},
  volume={32},
  number={3},
  pages={445--446},
  year={1986},
  publisher={IEEE}
}

@book{vershynin2018high,
  title={High-dimensional probability: An introduction with applications in data science},
  author={Vershynin, Roman},
  volume={47},
  year={2018},
  publisher={Cambridge university press}
}
